<?xml version="1.0" encoding="UTF-8"?><collection xmlns="http://www.loc.gov/MARC21/slim"><record><leader>00481nam--2200181-i-4500</leader><controlfield tag="001">000037828</controlfield><controlfield tag="002">20161230</controlfield><controlfield tag="005">20161230201041</controlfield><controlfield tag="008">060222s1000------------r-----000-0-eng-d</controlfield><datafield ind1=" " ind2=" " tag="040"><subfield code="a">IFIN-HH</subfield></datafield><datafield ind1=" " ind2=" " tag="080"><subfield code="a">539.12</subfield></datafield><datafield ind1="1" ind2=" " tag="100"><subfield code="a">Froggatt, C.D</subfield></datafield><datafield ind1="1" ind2="0" tag="245"><subfield code="a">Spin and parity analysis in the double regge model</subfield><subfield code="c">C.d. froggatt, g. ranft</subfield></datafield><datafield ind1=" " ind2=" " tag="260"><subfield code="a">London</subfield><subfield code="b">University College</subfield><subfield code="c">/F.An</subfield></datafield><datafield ind1=" " ind2=" " tag="300"><subfield code="a">23P</subfield></datafield><datafield ind1="1" ind2=" " tag="700"><subfield code="a">Ranft, G</subfield></datafield><datafield ind1=" " ind2=" " tag="852"><subfield code="a">35108</subfield><subfield code="c">539.12</subfield></datafield><datafield ind1=" " ind2=" " tag="CAT"><subfield code="a">Sys</subfield><subfield code="c">20111122</subfield><subfield code="h">091113</subfield></datafield></record></collection>